@MISC{Newcastle,
      AUTHOR = "James Docherty, Albert Koelmans",
      TITLE = "Hardware Implementation of SHA-1 and SHA-2 Hash Functions",
        NOTE = "\url{http://async.org.uk/tech-reports/NCL-EECE-MSD-TR-2011-170.pdf}"
}

@MISC{SHA-256,
        TITLE = "Descriptions of SHA-256, SHA-384, and SHA-512",
        NOTE = "\url{http://www.iwar.org.uk/comsec/resources/cipher/sha256-384-512.pdf}"
}

@MISC{FPGA,
      AUTHOR = "Philip Dotemoto",
      TITLE = "FPGA Based Bitcoin Mining",
	  MONTH =  June,
	  YEAR = 2014,
      NOTE = "\url{http://digitalcommons.calpoly.edu/cgi/viewcontent.cgi?article=1285&context=eesp}"
}

@MISC{area2,
      AUTHOR = "Marsgod",
      TITLE = "Secure Hash Algorithm",
	  YEAR = 2004,
      NOTE = "\url{http://www.opencores.org}"
}

@INPROCEEDINGS{area1, 
author={Ling Bai and Shuguo Li}, 
booktitle={2009 IEEE 8th International Conference on ASIC}, 
title={VLSI implementation of high-speed SHA-256}, 
year={2009}, 
pages={131-134}, 
keywords={CMOS logic circuits;VLSI;application specific integrated circuits;critical path analysis;field programmable gate arrays;iterative methods;7-3-2 array compressor;ASIC synthesis;CMOS process;FPGA verification;SHA-256;VLSI;critical path delay;iterative computation;synopsys design compiler;Acceleration;Algorithm design and analysis;CMOS process;Computer architecture;Delay;Field programmable gate arrays;Frequency;Iterative algorithms;Libraries;Very large scale integration;7-3-2 compressor;FPGA;SHA-256;critical path}, 
doi={10.1109/ASICON.2009.5351591}, 
ISSN={2162-7541}, 
month={Oct},}
