@InProceedings{Rybalchenko:VMCAI-2007,
  author = 	 {Rybalchenko, A. and Sofronie-Stokkermans, V.},
  title = 	 {{C}onstraint {S}olving for {I}nterpolation},
  OPTcrossref =  {},
  OPTkey = 	 {},
  booktitle = {Proc. Verification, Model Checking and Abstract Interpretation (VMCAI)},
  year = 	 {2007},
  OPTeditor = 	 {},
  OPTvolume = 	 {},
  OPTnumber = 	 {4349},
  OPTseries = 	 {LNCS},
  pages = 	 {346-362},
  OPTmonth = 	 {},
  OPTaddress = 	 {},
  OPTorganization = {},
  OPTpublisher = {},
  OPTnote = 	 {},
  OPTannote = 	 {}
}

@InProceedings{minato:unatecube,
  author =   {Minato, Shin-ichi},
  title =    {{Calculation of Unate Cube Set Algebra Using Zero-suppressed BDDs}},
  OPTcrossref =  {},
  OPTkey =   {},
  booktitle = {Proceedings of the 31st Annual Design Automation Conference},
  year =    {1994},
  OPTeditor =    {},
  OPTvolume =    {},
  OPTnumber =    {},
  OPTseries =    {DAC '94},
  pages =   {420-424},
  OPTmonth =   {},
  OPTaddress =   {},
  OPTorganization = {},
  OPTpublisher = {},
  OPTnote =    {},
  OPTannote =    {}
}

@InProceedings{minato:zbdd,
  author =   {Minato, Shin-ichi},
  title =    {{Zero-suppressed BDDs for Set Manipulation in Combinatorial Problems}},
  OPTcrossref =  {},
  OPTkey =   {},
  booktitle = {Proceedings of the 30th International Design Automation Conference},
  year =    {1993},
  OPTeditor =    {},
  OPTvolume =    {},
  OPTnumber =    {},
  OPTseries =    {DAC '93},
  pages =   {272-277},
  OPTmonth =   {},
  OPTaddress =   {},
  OPTorganization = {},
  OPTpublisher = {},
  OPTnote =    {},
  OPTannote =    {}
}

@InProceedings{tim,
  author =   {T. Pruss and P. Kalla and F. Enescu},
  title =    {{Equivalence Verification of Large Galois Field Arithmetic Circuits Using Word-level Abstraction via {G}r\"obner Bases}},
  OPTcrossref =  {},
  OPTkey =   {},
  booktitle = {51st ACM/EDAC/IEEE Design Automation Conference (DAC)},
  year =    {2014},
  OPTeditor =    {},
  OPTvolume =    {},
  OPTnumber =    {},
  OPTseries =    {},
  pages =   {1-6},
  OPTmonth =   {},
  OPTaddress =   {},
  OPTorganization = {},
  OPTpublisher = {},
  OPTnote =    {},
  OPTannote =    {}
}


@InProceedings{rolf:2016,
  author =   {A. Sayed-Ahmed and D. Gro{\ss}e and U. K\"uhne and M. Soeken and R. Drechsler},
  title =    {{Formal Verification of Integer Multipliers by Combining Gr\"obner Basis with Logic Reduction}},
  OPTcrossref =  {},
  OPTkey =   {},
  booktitle = {Design, Automation Test in Europe Conference Exhibition (DATE)},
  year =    {2016},
  OPTeditor =    {},
  OPTvolume =    {},
  OPTnumber =    {},
  OPTseries =    {},
  pages =   {1048-1053},
  OPTmonth =   {},
  OPTaddress =   {},
  OPTorganization = {},
  OPTpublisher = {},
  OPTnote =    {},
  OPTannote =    {}
}


@InProceedings{cunxi:aspdac17,
  author =   {C. Yu and M. Ciesielski},
  title =    {{Efficient Parallel Verification of Galois Field Multipliers}},
  OPTcrossref =  {},
  OPTkey =   {},
  booktitle = {22nd Asia and South Pacific Design Automation Conference (ASP-DAC)},
  year =    {2017},
  OPTeditor =    {},
  OPTvolume =    {},
  OPTnumber =    {},
  OPTseries =    {},
  pages =   {238-243},
  OPTmonth =   {},
  OPTaddress =   {},
  OPTorganization = {},
  OPTpublisher = {},
  OPTnote =    {},
  OPTannote =    {}
}


@InProceedings{rolf:fmcad17,
  author =   {{Amr Sayed Ahmed and Daniel Gro{\ss}e and Mathias Soeken and Rolf Drechsler}},
  title =    {{Equivalence Checking Using Gr\"obner Bases}},
  OPTcrossref =  {},
  OPTkey =   {},
  booktitle = {Formal Methods in Computer-Aided Design (FMCAD)},
  year =    {2016},
  OPTeditor =    {},
  OPTvolume =    {},
  OPTnumber =    {},
  OPTseries =    {},
  pages =   {169-176},
  OPTmonth =   {},
  OPTaddress =   {},
  OPTorganization = {},
  OPTpublisher = {},
  OPTnote =    {},
  OPTannote =    {}
}


@Article{McMillan:TACAS04,
  author =   {K.L. McMillan},
  title =    {{An Interpolating Theorem Prover}},
  journal =    {Theoretical Computer Science},
  year =   {2005},
  OPTkey =   {},
  volume =    {345},
  number =    {1},
  pages =   {101 - 121},
  OPTmonth =   {},
  note =    {{Tools and Algorithms for the Construction and Analysis of Systems (TACAS 2004)}},
  OPTannote =    {}
}


@InProceedings{Kapur:SIGSOFT06,
  author =   {Kapur, D. and Majumdar, R. and Zarba, G.},
  title =    {{Interpolation for Data-structures}},
  OPTcrossref =  {},
  OPTkey =   {},
  booktitle = {Proceedings of the 14th ACM SIGSOFT International Symposium on Foundations of Software Engineering},
  year =   {2006},
  OPTeditor =    {},
  OPTvolume =    {},
  OPTnumber =    {},
  OPTseries =    {},
  pages =    {105-116},
  OPTmonth =   {},
  OPTaddress =   {},
  OPTorganization = {},
  OPTpublisher = {},
  OPTnote =    {},
  OPTannote =    {}
}


@InProceedings{Griggio:FMCAD11,
  author =   {Griggio, A.},
  title =    {Effective {W}ord-level {I}nterpolation for {S}oftware {V}erificaion},
  OPTcrossref =  {},
  OPTkey =   {},
  booktitle = {Formal Methods in Computer-Aided Design (FMCAD)},
  year =   {2011},
  OPTeditor =    {},
  OPTvolume =    {},
  OPTnumber =    {},
  OPTseries =    {},
  pages =    {28-36},
  OPTmonth =   {},
  OPTaddress =   {},
  OPTorganization = {},
  OPTpublisher = {},
  OPTnote =    {},
  OPTannote =    {}
}


@InProceedings{Cimatti:TACAS08,
  author =   {Cimatti, A. and Griggio, A. and Sebastiani, R.},
  title =    {{E}fficient {I}nterpolant {G}eneration in {S}atisfiability {M}odulo {T}heories},
  OPTcrossref =  {},
  OPTkey =   {},
  booktitle = {Tools and Algorithms for the Construction and Analysis of Systems (TACAS)},
  year =   {2008},
  OPTeditor =    {},
  OPTvolume =   {4963},
  OPTnumber =    {},
  OPTseries =   {LNCS},
  pages =    {397-412},
  OPTmonth =   {},
  OPTaddress =   {},
  OPTorganization = {},
  OPTpublisher = {},
  OPTnote =    {},
  OPTannote =    {}
}

@InProceedings{dsilva:vmcai2010,
  author =   {D'Silva, V. and Kroening, D. and Purandare, M. and Weissenbacher, G.},
  title =    {{Interpolant Strength}},
  OPTcrossref =  {},
  OPTkey =   {},
  booktitle = {Verification, Model Checking and Abstract Interpretation},
  year =   {2010},
  OPTeditor =    {},
  OPTvolume =   {5944},
  OPTnumber =    {},
  OPTseries =   {LNCS},
  pages =    {129-145},
  OPTmonth =   {},
  OPTaddress =   {},
  OPTorganization = {},
  OPTpublisher = {},
  OPTnote =    {},
  OPTannote =    {}
}

@InProceedings{rummer:fmcad2013,
  author =   {R\"ummer, P. and Suboti\'c, P.},
  title =    {{Exploring Interpolants}},
  OPTcrossref =  {},
  OPTkey =   {},
  booktitle = {Formal Methods in Computer-Aided Design (FMCAD)},
  year =   {2013},
  OPTeditor =    {},
  OPTvolume =    {},
  OPTnumber =    {},
  OPTseries =    {},
  pages =    {69-76},
  OPTmonth =   {},
  OPTaddress =   {},
  OPTorganization = {},
  OPTpublisher = {},
  OPTnote =    {},
  OPTannote =    {}
}

@InProceedings{Weissenbacher2012,
  author =   {Weissenbacher, Georg},
  title =    {{Interpolant Strength Revisited}},
  OPTcrossref =  {},
  OPTkey =   {},
  booktitle = {Proc. Intl. Conf. Theory and Applications of Satisfiability Testing},
  year =    {2012},
  OPTeditor =    {},
  OPTvolume =    {},
  OPTnumber =    {},
  OPTseries =    {},
  pages =   {312-326},
  OPTmonth =   {},
  OPTaddress =   {},
  OPTorganization = {},
  OPTpublisher = {},
  OPTnote =    {},
  OPTannote =    {}
}


@InProceedings{Kovacs2009,
  author =   {Kov{\'a}cs, Laura and Voronkov, Andrei},
  title =    {{Interpolation and Symbol Elimination}},
  OPTcrossref =  {},
  OPTkey =   {},
  booktitle = {Proc. Intl. Conf. on Automated Deduction (CADE)},
  year =    {2009},
  OPTeditor =    {},
  OPTvolume =    {},
  OPTnumber =    {},
  OPTseries =    {},
  pages =   {199-213},
  OPTmonth =   {},
  OPTaddress =   {},
  OPTorganization = {},
  OPTpublisher = {},
  OPTnote =    {},
  OPTannote =    {}
}


@InProceedings{PudlakPCFA1998,
  author =   {Pudl{\'a}k,P. and Sgall, J.},
  title =    {{Algebraic Models of Computation and Interpolation for Algebraic Proof Systems}},
  OPTcrossref =  {},
  OPTkey =   {},
  booktitle = {Proof Complexity and Feasible Arithmetics, American Mathematical Society},
  year =    {1998},
  OPTeditor =    {},
  OPTvolume =    {},
  OPTnumber =    {},
  OPTseries =    {},
  pages =   {279-296},
  OPTmonth =   {},
  OPTaddress =   {},
  OPTorganization = {},
  OPTpublisher = {},
  OPTnote =    {},
  OPTannote =    {}
}


@Article{polybori,
  author = 	 {Michael Brickenstein and Alexander Dreyer},
  title = 	 {{PolyBoRi: A Framework for Gr\"obner-basis Computations with Boolean Polynomials}},
  journal = 	 {Journal of Symbolic Computation},
  year = 	 {2009},
  OPTkey = 	 {},
  volume = 	 {44},
  number = 	 {9},
  pages = 	 {1326-1345},
  OPTmonth = 	 {},
  OPTnote = 	 {{Effective Methods in Algebraic Geometry}},
  OPTannote = 	 {}
}

@Article{farahmandi:2015,
  author =   {Farahmandi, Farimah and Alizadeh, Bijan},
  title =    {{Groebner Basis Based Formal Verification of Large Arithmetic Circuits Using Gaussian Elimination and Cone-based Polynomial Extraction}},
  journal =    {Microprocessors and Microsystems},
  year =   {2015},
  OPTkey =   {},
  volume =    {39},
  number =    {2},
  pages =   {83-96},
  OPTmonth =   {},
  OPTnote =    {},
  OPTannote =    {}
}

@Article{Buchberger:1976,
  author =   {Buchberger, B.},
  title =    {{A Theoretical Basis for the Reduction of Polynomials to Canonical Forms}},
  journal =    {SIGSAM Bull.},
  year =   {},
  OPTkey =   {},
  volume =    {10},
  number =    {3},
  pages =   {19-29},
  OPTmonth =   {Aug.},
  OPTnote =    {},
  OPTannote =    {}
}


@Misc{cudd,
  OPTkey = 	 {},
  author = 	 {F. Somenzi},
  title = 	 {{CUDD}: {CU} {D}ecision {D}iagram {P}ackage {R}elease 3.0.0},
  howpublished = {\url{http://vlsi.colorado.edu/\~fabio}},
  OPTmonth = 	 {},
  year = 	 {2015},
  note = 	 {{University of Colorado at Boulder}},
  OPTannote = 	 {}
}

@Misc{DGPS_410,
  OPTkey =   {},
  author =    {Decker, Wolfram and Greuel, Gert-Martin and Pfister, Gerhard and Sch\"onemann, Hans},
  title =   {{\sc Singular} {4-1-0} --- {A} computer algebra system for polynomial computations},
  howpublished = {\url{http://www.singular.uni-kl.de}},
  OPTmonth =   {},
  year =    {2016},
  OPTnote =    {},
  OPTannote =    {}
}


@InProceedings{utkarsh:iwls17,
  author =   {Utkarsh Gupta and Priyank Kalla and Vikas Rao},
  title =    {{Boolean Gr\"obner Basis Reductions on Datapath Circuits Using the Unate Cube Set Algebra}},
  OPTcrossref =  {},
  OPTkey =   {},
  booktitle = {26th International Workshop on Logic \& Synthesis},
  OPTyear =    {2017},
  OPTeditor =    {},
  OPTvolume =    {},
  OPTnumber =    {},
  OPTseries =    {},
  pages =   {124-131},
  OPTmonth =   {},
  OPTaddress =   {},
  OPTorganization = {},
  OPTpublisher = {},
  OPTnote =    {},
  OPTannote =    {}
}

@Article{ utkarsh:tcad17,
  author = 	 {Utkarsh Gupta and Priyank Kalla and Vikas Rao},
  title = 	 {{Boolean Gr\"obner Basis Reductions on Datapath Circuits Using the Unate Cube Set Algebra}},
  journal = 	 {IEEE Trans. CAD (to appear)},
  year = 	 {2018},
  OPTkey = 	 {},
  OPTvolume = 	 {},
  OPTnumber = 	 {},
  OPTpages = 	 {},
  OPTmonth = 	 {},
  OPTnote = 	 {},
  OPTannote = 	 {}
}


@InProceedings{Armin2017ColumnWiseVO,
  author = 	 {Daniela Ritirc and Armin Biere and Manuel Kauers},
  title = 	 {{Column-Wise Verification of Multipliers Using Computer Algebra}},
  OPTcrossref =  {},
  OPTkey = 	 {},
  booktitle = {Formal Methods in Computer-Aided Design (FMCAD)},
  year = 	 {2017},
  OPTeditor = 	 {},
  OPTvolume = 	 {},
  OPTnumber = 	 {},
  OPTseries = 	 {},
  OPTpages = 	 {},
  OPTmonth = 	 {},
  OPTaddress = 	 {},
  OPTorganization = {},
  OPTpublisher = {},
  OPTnote = 	 {},
  OPTannote = 	 {}
}

@InProceedings{Tang-ECO:DAC11,
  author = 	 {Tang, K.-F. and Wu, C.-A. and Huang, P.-K. and Huang, C.-Y. R.},
  title = 	 {Interpolation based incremental {ECO} {S}ynthesis for {M}ulti-{E}rror {L}ogic {R}ectification},
  OPTcrossref =  {},
  OPTkey = 	 {},
  booktitle = {Proc. Design Automation Conf.},
  year = 	 {2011},
  OPTeditor = 	 {},
  OPTvolume = 	 {},
  OPTnumber = 	 {},
  OPTseries = 	 {},
  pages = 	 {146-151},
  OPTmonth = 	 {},
  OPTaddress = 	 {},
  OPTorganization = {},
  OPTpublisher = {},
  OPTnote = 	 {},
  OPTannote = 	 {}
}

%%%%%%%
% ECO and debug Papers
%%%%
@Book{Rudeanu:74,
  author = 	 {Rudeanu, S.},
  ALTeditor = 	 {},
  title = 	 {{B}oolean {F}unctions and {E}quations},
  publisher = 	 {North-Holland Publishing Co., Amsterdam},
  year = 	 {1974},
  OPTkey = 	 {},
  OPTvolume = 	 {},
  OPTnumber = 	 {},
  OPTseries = 	 {},
  OPTaddress = 	 {},
  OPTedition = 	 {},
  OPTmonth = 	 {},
  OPTnote = 	 {},
  OPTannote = 	 {}
}


@InProceedings{Madre:ICCAD89,
  author = 	 {Madre, J. C. and Coudert, O. and Billon, J. P.},
  title = 	 {{A}utomating the {D}iagnosis and the {R}ectification
                  of {D}esign {E}rrors with {PRIAM}}, 
  OPTcrossref =  {},
  OPTkey = 	 {},
  booktitle = {Proc. ICCAD},
  year = 	 {1989},
  OPTeditor = 	 {},
  OPTvolume = 	 {},
  OPTnumber = 	 {},
  OPTseries = 	 {},
  pages = 	 {30-33},
  OPTmonth = 	 {},
  OPTaddress = 	 {},
  OPTorganization = {},
  OPTpublisher = {},
  OPTnote = 	 {},
  OPTannote = 	 {}
}

@InProceedings{Liaw:ICCAD90,
  author = 	 {Liaw, H. T. and Tsaih, J. H. and Lin, C. S.},
  title = 	 {{E}fficient {A}utomatic {D}iagnosis of {D}igital {C}ircuits},
  OPTcrossref =  {},
  OPTkey = 	 {},
  booktitle = {Proc. ICCAD},
  year = 	 {1990},
  OPTeditor = 	 {},
  OPTvolume = 	 {},
  OPTnumber = 	 {},
  OPTseries = 	 {},
  pages = 	 {464-467},
  OPTmonth = 	 {},
  OPTaddress = 	 {},
  OPTorganization = {},
  OPTpublisher = {},
  OPTnote = 	 {},
  OPTannote = 	 {}
}

@InProceedings{Huang:DAC2011,
  author = 	 {Tang, K. F. and Wu, C. A. and Huang, P. K. and
                  Huang, C. Y.},
  title = 	 {{I}nterpolation-{B}ased {I}ncremental {ECO}
                  {S}ynthesis for {M}ulti-{E}rror {L}ogic {R}ectification},
  OPTcrossref =  {},
  OPTkey = 	 {},
  booktitle = {Proc. Design Automation Conf. (DAC)},
  year = 	 {2011},
  OPTeditor = 	 {},
  OPTvolume = 	 {},
  OPTnumber = 	 {},
  OPTseries = 	 {},
  pages = 	 {146-151},
  OPTmonth = 	 {},
  OPTaddress = 	 {},
  OPTorganization = {},
  OPTpublisher = {},
  OPTnote = 	 {},
  OPTannote = 	 {}
}

@InProceedings{Sadowska:DAC95,
  author = 	 {Lin, C. C. and Chen, K. C. and Chang, S. C. and
                  Marek-Sadowska, M.},
  title = 	 {{L}ogic {S}ynthesis for {E}ngineering {C}hange},
  OPTcrossref =  {},
  OPTkey = 	 {},
  booktitle = {Proc. Design Automation Conf. (DAC)},
  year = 	 {1995},
  OPTeditor = 	 {},
  OPTvolume = 	 {},
  OPTnumber = 	 {},
  OPTseries = 	 {},
  pages = 	 {647-652},
  OPTmonth = 	 {},
  OPTaddress = 	 {},
  OPTorganization = {},
  OPTpublisher = {},
  OPTnote = 	 {},
  OPTannote = 	 {}
}

