
@article{polybori,
title = {PolyBoRi: A framework for Gröbner-basis computations with Boolean polynomials},
journal = {Journal of Symbolic Computation},
volume = "44",
number = "9",
pages = "1326 - 1345",
year = "2009",
note = "Effective Methods in Algebraic Geometry",
issn = "0747-7171",
doi = "DOI: 10.1016/j.jsc.2008.02.017",
url = "http://dx.doi.org/10.1016/j.jsc.2008.02.017",
author = "Michael Brickenstein and Alexander Dreyer",
keywords = "Boolean Gröbner basis",
keywords = "Formal verification",
keywords = "Algebraic cryptoanalysis",
keywords = "Satisfiability"
}

@inproceedings{minato:unatecube,
 author = {Minato, Shin-ichi},
 title = {Calculation of Unate Cube Set Algebra Using Zero-suppressed BDDs},
 booktitle = {Proceedings of the 31st Annual Design Automation Conference},
 series = {DAC '94},
 year = {1994},
 isbn = {0-89791-653-0},
 location = {San Diego, California, USA},
 pages = {420--424},
 numpages = {5},
 url = {http://doi.acm.org/10.1145/196244.196446},
 doi = {10.1145/196244.196446},
 acmid = {196446},
 publisher = {ACM},
 address = {New York, NY, USA},
} 

@inproceedings{minato:zbdd,
 author = {Minato, Shin-ichi},
 title = {Zero-suppressed BDDs for Set Manipulation in Combinatorial Problems},
 booktitle = {Proceedings of the 30th International Design Automation Conference},
 series = {DAC '93},
 year = {1993},
 isbn = {0-89791-577-1},
 location = {Dallas, Texas, USA},
 pages = {272--277},
 numpages = {6},
 url = {http://doi.acm.org/10.1145/157485.164890},
 doi = {10.1145/157485.164890},
 acmid = {164890},
 publisher = {ACM},
 address = {New York, NY, USA},
} 

@INPROCEEDINGS{lv, 
author={J. Lv and P. Kalla and F. Enescu}, 
booktitle={Design, Automation Test in Europe Conference Exhibition (DATE), 2012}, 
title={Efficient Gr\"obner basis reductions for formal verification of galois field multipliers}, 
year={2012}, 
pages={899-904}, 
keywords={Galois fields;digital arithmetic;formal verification;multiplying circuits;network topology;polynomials;process algebra;163-bit circuits;Galois field arithmetic;Galois field multiplier;Grobner basis reductions;algebraic geometry-based approach;bug detection;circuit topology;computer algebra-based approach;formal verification;multiplier circuit modeling;multiplier hardware implementation;polynomial system;Boolean functions;Computer bugs;Data structures;Elliptic curve cryptography;Integrated circuit modeling;Logic gates;Polynomials}, 
doi={10.1109/DATE.2012.6176625}, 
ISSN={1530-1591}, 
month={March},}

@INPROCEEDINGS{tim, 
author={T. Pruss and P. Kalla and F. Enescu}, 
booktitle={Design Automation Conference (DAC), 2014 51st ACM/EDAC/IEEE}, 
title={Equivalence verification of large Galois field arithmetic circuits using word-level abstraction via {G}r\"obner bases}, 
year={2014}, 
pages={1-6}, 
keywords={Galois fields;cryptography;digital arithmetic;multiplying circuits;Galois field arithmetic circuits;Galois fields F2k;arithmetic circuits design;baseline golden models;canonical polynomial abstraction;cryptography;gate-level circuits;word-level abstraction via Gröbner bases;word-level canonical polynomial representations;Cryptography;Integrated circuit modeling;Interpolation;Logic gates;Polynomials;Vectors;Gröbner Bases;Hardware Verification;Word-Level Abstraction}, 
doi={10.1145/2593069.2593134}, 
month={June},}

@article{farahmandi:2015,
 author = {Farahmandi, Farimah and Alizadeh, Bijan},
 title = {Groebner Basis Based Formal Verification of Large Arithmetic Circuits Using Gaussian Elimination and Cone-based Polynomial Extraction},
 journal = {Microprocess. Microsyst.},
 issue_date = {March 2015},
 volume = {39},
 number = {2},
 month = {mar},
 year = {2015},
 issn = {0141-9331},
 pages = {83--96},
 numpages = {14},
 url = {http://dx.doi.org/10.1016/j.micpro.2015.01.007},
 doi = {10.1016/j.micpro.2015.01.007},
 acmid = {2902786},
 publisher = {Elsevier Science Publishers B. V.},
 address = {Amsterdam, The Netherlands, The Netherlands},
 keywords = {Arithmetic circuits, Formal verification, Gaussian elimination, Groebner basis, Repetitive components},
} 

@INPROCEEDINGS{rolf:2016, 
author={A. Sayed-Ahmed and D. Große and U. Kühne and M. Soeken and R. Drechsler}, 
booktitle={2016 Design, Automation Test in Europe Conference Exhibition (DATE)}, 
title={Formal verification of integer multipliers by combining Gr\"obner basis with logic reduction}, 
year={2016}, 
pages={1048-1053}, 
keywords={formal verification;polynomials;process algebra;Galois field arithmetic circuits;Grobner basis polynomials;Grobner basis rewriting;formal verification;integer multipliers;logic reduction rule;parallel adders;parallel architecture;polynomial equation;structural circuit information;symbolic computer algebra;Adders;Computational modeling;Computers;Integrated circuit modeling;Logic gates;Mathematical model;Testing}, 
month={March},}

@INPROCEEDINGS{maciej:2015, 
author={M. Ciesielski and C. Yu and W. Brown and D. Liu and A. Rossi}, 
booktitle={2015 52nd ACM/EDAC/IEEE Design Automation Conference (DAC)}, 
title={Verification of gate-level arithmetic circuits by function extraction}, 
year={2015}, 
pages={1-6}, 
keywords={logic circuits;logic gates;polynomials;ABC system;algebraic approach;bit-level polynomial function;circuit verification;function extraction;gate-level integer arithmetic circuits;linear runtime complexity;logic gates;memory complexity;Computational modeling;Data structures;Integrated circuit modeling;Logic gates;Mathematical model;Polynomials;Standards}, 
doi={10.1145/2744769.2744925}, 
ISSN={0738-100X}, 
month={June},}

@article{Buchberger:1976,
 author = {Buchberger, B.},
 title = {A Theoretical Basis for the Reduction of Polynomials to Canonical Forms},
 journal = {SIGSAM Bull.},
 issue_date = {August 1976},
 volume = {10},
 number = {3},
 month = aug,
 year = {1976},
 issn = {0163-5824},
 pages = {19--29},
 numpages = {11},
 url = {http://doi.acm.org/10.1145/1088216.1088219},
 doi = {10.1145/1088216.1088219},
 acmid = {1088219},
 publisher = {ACM},
 address = {New York, NY, USA},
} 

@misc{cudd,
  author = {F. Somenzi},
  title = {{CUDD}: {CU} {D}ecision {D}iagram {P}ackage {R}elease 3.0.0},
  text = {University of Colorado at Boulder},
  year = {2015},
  OPTurl = {http://vlsi.colorado.edu/~fabio/CUDD/html/index.html}
}

@INPROCEEDINGS{cunxi:aspdac17, 
author={C. Yu and M. Ciesielski}, 
booktitle={2017 22nd Asia and South Pacific Design Automation Conference (ASP-DAC)}, 
title={Efficient parallel verification of Galois field multipliers}, 
year={2017}, 
pages={238-243}, 
keywords={Algebra;Computational modeling;Computers;Integrated circuit modeling;Logic gates;Mathematical model;Standards;Formal verification;Galois field arithmetic circuits;computer algebra}, 
doi={10.1109/ASPDAC.2017.7858326}, 
month={Jan},}

