@Article{ted_tcomp,
  author = 	 {Ciesielski, M. and Kalla, P. and Askar, S.},
  title = 	 {{T}aylor {E}xpansion {D}iagrams: {A} {C}anonical
                  {R}epresentation for {V}erification of {D}ata-{F}low
                  {D}esigns},  
  journal = 	 {IEEE Transactions on Computers},
  year = 	 {2006},
  OPTkey = 	 {},
  volume = 	 {55},
  number = 	 {9},
  pages = 	 {1188-1201},
  OPTmonth = 	 {},
  OPTnote = 	 {},
  OPTannote = 	 {}
}


@InProceedings{shekhar:fmcad06,
 author = 	 {Shekhar, N. and Kalla, P. and Meredith, M. B. and Enescu, F.},
  title = 	 {{S}imulation {B}ounds for {E}quivalence {V}erification of {A}rithmetic {D}atapaths with {F}inite {W}ord-{L}ength {O}perands},
  OPTcrossref =  {},
  OPTkey = 	 {},
  booktitle = {Formal Methods in Computer Aided Design}, 
  pages = 	 {179-186},
  year = 	 {2006},
  OPTeditor = 	 {},
  OPTvolume = 	 {},
  OPTnumber = 	 {},
  OPTseries = 	 {},
  OPTaddress = 	 {},
  month = 	 {November},
  OPTorganization = {},
  OPTpublisher = {},
  OPTnote = 	 {},
  OPTannote = 	 {}
}

@phdthesis{buchberger_thesis,
	author = {Buchberger, B.},
	title = {{E}in {A}lgorithmus zum {A}uffinden der {B}asiselemente des {R}estklassenringes nach einem nulldimensionalen {P}olynomideal},
	school = {University of Innsbruck},
	year = {1965}
}

@Book{ideals:book,
  author = 	 {Cox, D.  and Little, J.  and O'Shea, D.},
  ALTeditor = 	 {},
  title = 	 {{I}deals, {V}arieties, and {A}lgorithms: {A}n {I}ntroduction to {C}omputational {A}lgebraic {G}eometry and {C}ommutative {A}lgebra}, 
  publisher = 	 {Springer},
  year = 	 {2007},
  OPTkey = 	 {},
  OPTvolume = 	 {},
  OPTnumber = 	 {},
  OPTseries = 	 {},
  address = 	 {New York, USA},
  OPTedition = 	 {},
  OPTmonth = 	 {},
  OPTnote = 	 {},
  OPTannote = 	 {}
}
