@article{khasidashvili2003sat,
  title={SAT-based methods for sequential hardware equivalence verification without synchronization},
  author={Khasidashvili, Zurab and Hanna, Ziyad},
  journal={Electronic Notes in Theoretical Computer Science},
  volume={89},
  number={4},
  pages={593--607},
  year={2003},
  publisher={Elsevier}
}



@InProceedings{xiaojun:hldvt2016,
  author = 	 {Sun, X. and Kalla, P. and Enescu, F.},
  title = 	 {{W}ord-level {T}raversal of {F}inite {S}tate {M}achines using {A}lgebraic {G}eometry},
  OPTcrossref =  {},
  OPTkey = 	 {},
  booktitle = {Proc. High-Level Design Validation and Test},
  year = 	 {2016},
  OPTeditor = 	 {},
  OPTvolume = 	 {},
  OPTnumber = 	 {},
  OPTseries = 	 {},
  OPTpages = 	 {},
  OPTmonth = 	 {},
  OPTaddress = 	 {},
  OPTorganization = {},
  OPTpublisher = {},
  OPTnote = 	 {},
  OPTannote = 	 {}
}




@PhdThesis{xiaojun:phd,
  author = 	 {Sun, X.},
  title = 	 {Word-{L}evel {A}bstractions for {S}equential {D}esign {V}erification using {A}lgebraic {G}eometry},
  school = 	 {Univ. of Utah},
  year = 	 {2016},
  OPTkey = 	 {},
  OPTtype = 	 {},
  OPTaddress = 	 {},
  month = 	 {Dec.},
  OPTnote = 	 {},
  OPTannote = 	 {}
}

@InProceedings{xiaojun:cp2016,
  author = 	 {Sun, X. and Ilioaea, I. and Kalla, P. and Enescu, F.},
  title = 	 {Finding unsatisfiable cores of a set of polynomials using the {G}r\"obner basis algorithm},
  OPTcrossref =  {},
  OPTkey = 	 {},
  booktitle = {Intl. Conf. Principles and Practice of Constraint Programming},
  year = 	 {2016},
  OPTeditor = 	 {},
  volume = 	 {9892},
  OPTnumber = 	 {},
  series = 	 {LNCS},
  pages = 	 {859-875},
  month = 	 {Sept.},
  OPTaddress = 	 {},
  OPTorganization = {},
  OPTpublisher = {},
  OPTnote = 	 {},
  OPTannote = 	 {}
}

@PhdThesis{gao:phd_normal_basis,
  author = 	 {Gao, S.},
  title = 	 {{N}ormal {B}asis over {F}inite {F}ields},
  school = 	 {University of Waterloo},
  year = 	 {1993},
  OPTkey = 	 {},
  OPTtype = 	 {},
  OPTaddress = 	 {},
  OPTmonth = 	 {},
  OPTnote = 	 {},
  OPTannote = 	 {}
}

%Decide ungiven initial states and reset states
%The idea is to employ a binary encoding of 3-valued modeling of circuits, 
%and use the undefined state X as a reset state.

@inproceedings{coudert1990verification,
  title={Verification of synchronous sequential machines based on symbolic execution},
  author={Coudert, Olivier and Berthet, Christian and Madre, Jean Christophe},
  booktitle={Automatic verification methods for finite state systems},
  pages={365--373},
  year={1990},
  organization={Springer}
}
% Old paper, applying SAT solver to BFS algorithm, talk about how to simplify boolean functions
%actually quantify out ckt variables

@inproceedings{burch1990sequential,
  title={Sequential circuit verification using symbolic model checking},
  author={Burch, Jerry R and Clarke, Edmund M and McMillan, Kenneth L and Dill, David L},
  booktitle={Design Automation Conference, 1990. Proceedings., 27th ACM/IEEE},
  pages={46--51},
  year={1990},
  organization={IEEE}
}

%McMillan's paper, the use of BDD for CTL

@inproceedings{mneimneh2003reverse,
  title={REVERSE: Efficient sequential verification for retiming},
  author={Mneimneh, Maher and Sakallah, Karem},
  booktitle={International Workshop on Logic Synthesis},
  year={2003},
  organization={Citeseer}
}
%Retiming Invariant

@inproceedings{gunther2001application,
  title={Application of linearly transformed BDDs in sequential verification},
  author={G{\"u}nther, Wolfgang and Hett, Andreas and Becker, Bernd},
  booktitle={Proceedings of the 2001 Asia and South Pacific Design Automation Conference},
  pages={91--96},
  year={2001},
  organization={ACM}
}
%linearly transformed BDD(LTBDD) to compute set of reachable states

@inproceedings{touati1990implicit,
  title={Implicit state enumeration of finite state machines using BDD's},
  author={Touati, Herve J and Savoj, Hamid and Lin, Bill and Brayton, Robert K and Sangiovanni-Vincentelli, Alberto},
  booktitle={Computer-Aided Design, 1990. ICCAD-90. Digest of Technical Papers., 1990 IEEE International Conference on},
  pages={130--133},
  year={1990},
  organization={IEEE}
}
%State enumeration

@inproceedings{van1998sequential,
  title={Sequential equivalence checking without state space traversal},
  author={Van Eijk, CAJ},
  booktitle={Design, Automation and Test in Europe, 1998., Proceedings},
  pages={618--623},
  year={1998},
  organization={IEEE}
}
%Find structural similarity, use combinational BDDs to check equivalence

@inproceedings{mishchenko2008recording,
  title={Recording synthesis history for sequential verification},
  author={Mishchenko, Alan and Brayton, Robert},
  booktitle={Formal Methods in Computer-Aided Design, 2008. FMCAD'08},
  pages={1--8},
  year={2008},
  organization={IEEE}
}
%using synthesis information to assist verification, not only retiming

@article{jiang2003verification,
  title={On the verification of sequential equivalence},
  author={Jiang, J-HR and Brayton, Robert K},
  journal={Computer-Aided Design of Integrated Circuits and Systems, IEEE Transactions on},
  volume={22},
  number={6},
  pages={686--697},
  year={2003},
  publisher={IEEE}
}
%Construct a multuplexed machine to half the state space

@inproceedings{stoffel1997record,
  title={Record \& play: A structural fixed point iteration for sequential circuit verification},
  author={Stoffel, Dominik and Kunz, Wolfgang},
  booktitle={Proceedings of the 1997 IEEE/ACM international conference on Computer-aided design},
  pages={394--399},
  year={1997},
  organization={IEEE Computer Society}
}
%find fix-point iteration, can work on retimed ckts

@inproceedings{burch1991representing,
  title={Representing circuits more efficiently in symbolic model checking},
  author={Burch, Jerry R and Clarke, Edmund M and Long, David E},
  booktitle={Proceedings of the 28th ACM/IEEE Design Automation Conference},
  pages={403--407},
  year={1991},
  organization={ACM}
}
%using partitioned transition relations to scale down BDD size

@article{brayton2007scalable,
  title={Scalable sequential verification},
  author={Brayton, Robert and Mishchenko, Alan},
  year={2007},
  publisher={Citeseer}
}
% introduce history AIG info during synthesis  (rewriting) to help verification

@inproceedings{van1996exploiting,
  title={Exploiting functional dependencies in finite state machine verification},
  author={Van Eijk, CAJ and Jess, Jochen AG},
  booktitle={European Design and Test Conference, 1996. ED\&TC 96. Proceedings},
  pages={9--14},
  year={1996},
  organization={IEEE}
}
% find functional variable dependencies to reduce iterations by direct proving

@inproceedings{khasidashvili2004theoretical,
  title={Theoretical framework for compositional sequential hardware equivalence verification in presence of design constraints},
  author={Khasidashvili, Zurab and Skaba, Marcelo and Kaiss, Daher and Hanna, Ziyad},
  booktitle={Proceedings of the 2004 IEEE/ACM International conference on Computer-aided design},
  pages={58--65},
  year={2004},
  organization={IEEE Computer Society}
}
% divide whole ckts to smaller conditional FSM

@inproceedings{narayan1997reachability,
  title={Reachability analysis using partitioned-ROBDDs},
  author={Narayan, Amit and Isles, Adrian J and Jain, Jawahar and Brayton, Robert K and Sangiovanni-Vincentelli, Alberto L},
  booktitle={Proceedings of the 1997 IEEE/ACM international conference on Computer-aided design},
  pages={388--393},
  year={1997},
  organization={IEEE Computer Society}
}
% use partitioned ROBDDs, cut space use, can use independent variable ordering for each partition

@article{cabodi2005bdds,
  title={Are BDDs still alive within sequential verification?},
  author={Cabodi, Gianpiero and Nocco, Sergio and Quer, Stefano},
  journal={International Journal on Software Tools for Technology Transfer},
  volume={7},
  number={2},
  pages={129--142},
  year={2005},
  publisher={Springer}
}
%conclude all SAT based and BDD based methods

@inproceedings{baumgartner2007scalable,
  title={Scalable sequential equivalence checking across arbitrary design transformations},
  author={Baumgartner, Jason and Mony, Hari and Paruthi, Viresh and Kanzelman, Robert and Janssen, Geert},
  booktitle={Computer Design, 2006. ICCD 2006. International Conference on},
  pages={259--266},
  year={2007},
  organization={IEEE}
}
%Compare among all sequential equivalence checking engines used in IBM

@inproceedings{savoj2010combinational,
  title={Combinational techniques for sequential equivalence checking},
  author={Savoj, Hamid and Berthelot, David and Mishchenko, Alan and Brayton, Robert},
  booktitle={Formal Methods in Computer-Aided Design (FMCAD), 2010},
  pages={145--149},
  year={2010},
  organization={IEEE}
}
% find a theorem that some SEC can be converted to combinational equivalence checking

@article{ray2009incremental,
  title={Incremental sequential equivalence checking and subgraph isomorphism},
  author={Ray, Sayak and Mishchenko, Alan and Brayton, Robert},
  year={2009},
  publisher={Citeseer}
}
% find isomorphism in AIG

@incollection{alizadeh2009sequential,
  title={Sequential Equivalence Checking Using a Hybrid Boolean-Word Level Decision Diagram},
  author={Alizadeh, Bijan and Fujita, Masahiro},
  booktitle={Advances in Computer Science and Engineering},
  pages={697--704},
  year={2009},
  publisher={Springer}
}
%Taylor Expansion Diagram (TED)

@inproceedings{bjesse2000sat,
  title={SAT-based verification without state space traversal},
  author={Bjesse, Per and Claessen, Koen},
  booktitle={Formal Methods in Computer-Aided Design},
  pages={409--426},
  year={2000},
  organization={Springer}
}
% SAT and boolean constrains manipulation


%%%%%%%%%%%%%%%%%%%%%%%%%%%%%%%%%%%%%%%%%%%%%%%%%%%%%%%%%%%%%%%%%%%%%%%%%%%%%%%%%%%%
%%%%%%%%%%%%%%%%%%%%   About abstraction and refinement  %%%%%%%%%%%%%%%%%%%%%%%%%%%
%%%%%%%%%%%%%%%%%%%%%%%%%%%%%%%%%%%%%%%%%%%%%%%%%%%%%%%%%%%%%%%%%%%%%%%%%%%%%%%%%%%%


@article{braytonvariable,
  title={Variable Time-Frame Abstraction},
  author={Brayton, Alan Mishchenko Niklas Een Robert and Nalla, Jason Baumgartner Hari Mony Pradeep}
}
% IWLS12: a new gate-level abstraction method for unrolled AIG

@inproceedings{clarke2000counterexample,
  title={Counterexample-guided abstraction refinement},
  author={Clarke, Edmund and Grumberg, Orna and Jha, Somesh and Lu, Yuan and Veith, Helmut},
  booktitle={Computer aided verification},
  pages={154--169},
  year={2000},
  organization={Springer}
}
% most basic paper on abstraction refinement for verification

@inproceedings{jain2005word,
  title={Word level predicate abstraction and refinement for verifying RTL verilog},
  author={Jain, Himanshu and Kroening, Daniel and Sharygina, Natasha and Clarke, Edmund},
  booktitle={Proceedings of the 42nd annual Design Automation Conference},
  pages={445--450},
  year={2005},
  organization={ACM}
}
% SAT based predicates abstraction

@incollection{mcmillan2003automatic,
  title={Automatic abstraction without counterexamples},
  author={McMillan, Kenneth L and Amla, Nina},
  booktitle={Tools and Algorithms for the Construction and Analysis of Systems},
  pages={2--17},
  year={2003},
  publisher={Springer}
}
% unbounded model checking


%%%%%%%%%%%%%%%%%%%%%%%%%%%%%%%%%%%%%%%%%%%%%%%%%%%%%%%%%%%%%%%%%%%%%%%%%%%%%%%%%%%%
%%%%%%%%%%%%%%%%%%%%%%%%%%%   GB and Alg Geometry  %%%%%%%%%%%%%%%%%%%%%%%%%%%%%%%%%
%%%%%%%%%%%%%%%%%%%%%%%%%%%%%%%%%%%%%%%%%%%%%%%%%%%%%%%%%%%%%%%%%%%%%%%%%%%%%%%%%%%%
@inproceedings{avrunin1996symbolic,
  title={Symbolic model checking using algebraic geometry},
  author={Avrunin, George S},
  booktitle={Computer Aided Verification},
  pages={26--37},
  year={1996},
  organization={Springer}
}
% Algebraic Geometry!


%%%%%%%%%%%%%%%%%%%%%%%%%%%%%%%%%%%%%%%%%%%%%%%%%%%%%%%%%%%%%%%%%%%%%%%%%%%%%%%%%%%%
%%%%%%%%%%%%%%%%%%%%%%%%%%%   Tools for experiments  %%%%%%%%%%%%%%%%%%%%%%%%%%%%%%%
%%%%%%%%%%%%%%%%%%%%%%%%%%%%%%%%%%%%%%%%%%%%%%%%%%%%%%%%%%%%%%%%%%%%%%%%%%%%%%%%%%%%
@article{biere2013lingeling,
  title={Lingeling, Plingeling and Treengeling entering the SAT competition 2013},
  author={Biere, Armin},
  journal={Proceedings of SAT Competition 2013; Solver and},
  pages={51},
  year={2013}
}
% Lingeling SAT solver

@article{DIMACSformat,
  title={Satisfiability: Suggested Format},
  author={Challenge, DIMACS},
  journal={DIMACS Challenge. DIMACS},
  year={1993}
}
%DIMACS CNF format

@inproceedings{brayton2010abc,
  title={ABC: An academic industrial-strength verification tool},
  author={Brayton, Robert and Mishchenko, Alan},
  booktitle={Computer Aided Verification},
  pages={24--40},
  year={2010},
  organization={Springer}
}
%ABC tool

@inproceedings{brayton1996vis,
  title={VIS: A system for verification and synthesis},
  author={Brayton, Robert K and Hachtel, Gary D and Sangiovanni-Vincentelli, Alberto and Somenzi, Fabio and Aziz, Adnan and Cheng, Szu-Tsung and Edwards, Stephen and Khatri, Sunil and Kukimoto, Yuji and Pardo, Abelardo and others},
  booktitle={Computer Aided Verification},
  pages={428--432},
  year={1996},
  organization={Springer}
}
% VIS synthesis and verification tool

%%%%%%%%%%%%%%%%%%%%%%%%%%%%%%%%%%%%%%%%%%%%%%%%%%%%%%%%%%%%%%%%%%%%%%%%%%%%%%%%%%%%
%%%%%%%%%%%%%%%%%%%%%%%%%%%   My approach based on...  %%%%%%%%%%%%%%%%%%%%%%%%%%%%%%
%%%%%%%%%%%%%%%%%%%%%%%%%%%%%%%%%%%%%%%%%%%%%%%%%%%%%%%%%%%%%%%%%%%%%%%%%%%%%%%%%%%%

@article{KallaPartialScan,
  title={A comprehensive approach to the partial scan problem using implicit state enumeration},
  author={Kalla, Priyank and Ciesielski, Maciej},
  journal={Computer-Aided Design of Integrated Circuits and Systems, IEEE Transactions on},
  volume={21},
  number={7},
  pages={810--826},
  year={2002},
  publisher={IEEE}
}
% Partial Scan paper

@article{agnew1991implementation,
  title={An implementation for a fast public-key cryptosystem},
  author={Agnew, Gordon B. and Mullin, Ronald C. and Onyszchuk, IM and Vanstone, Scott A.},
  journal={Journal of CRYPTOLOGY},
  volume={3},
  number={2},
  pages={63--79},
  year={1991},
  publisher={Springer}
}
% Basic SMPO design

@article{RHmulti,
  title={Low complexity word-level sequential normal basis multipliers},
  author={Reyhani-Masoleh, Arash and Hasan, M Anwar},
  journal={Computers, IEEE Transactions on},
  volume={54},
  number={2},
  pages={98--110},
  year={2005},
  publisher={IEEE}
}
% RH multiplier

%%%%%% Interpolation related
@Article{craig-interpolate,
  author = 	 {Craig, W.},
  title = 	 {Linear Reasoning: A New Form of the {H}erbrand-{G}entzen theorem},
  journal = 	 {Journal of Symbolic Logic},
  year = 	 {1957},
  OPTkey = 	 {},
  volume = 	 {22},
  number = 	 {3},
  pages = 	 {250-268},
  OPTmonth = 	 {},
  OPTnote = 	 {},
  OPTannote = 	 {}
}

@Article{pudlak:ci,
  author = 	 {Pudl\'{a}k, P.},
  title = 	 {Lower bounds for resolution and cutting plane proofs
                  and monotone computations}, 
  journal = 	 {J. Symbolic Logic},
  year = 	 {1997},
  OPTkey = 	 {},
  volume = 	 {62},
  number = 	 {2},
  pages = 	 {981-998},
  OPTmonth = 	 {},
  OPTnote = 	 {},
  OPTannote = 	 {}
}

@InProceedings{mcmillan:interpolation,
  author = 	 {McMillan, K.},
  title = 	 {Interpolation and {SAT}-based model checking},
  OPTcrossref =  {},
  OPTkey = 	 {},
  booktitle = {Proceedings of Computer Aided Verification},
  year = 	 {2003},
  OPTeditor = 	 {},
  volume = 	 {2725},
  OPTnumber = 	 {},
  series = 	 {LNCS},
  pages = 	 {1-13},
  OPTmonth = 	 {},
  OPTaddress = 	 {},
  OPTorganization = {},
  publisher = {Springer},
  OPTnote = 	 {},
  OPTannote = 	 {}
}

@InProceedings{bradley:pdr,
  author = 	 {Bradley, A.},
  title = 	 {{SAT}-based model checking without unrolling},
  OPTcrossref =  {},
  OPTkey = 	 {},
  booktitle = {Verification, Model Checking and Abstract Interpretation (VMCAI)},
  year = 	 {2011},
  OPTeditor = 	 {},
  OPTvolume = 	 {},
  OPTnumber = 	 {},
  OPTseries = 	 {},
  pages = 	 {70-87},
  OPTmonth = 	 {},
  OPTaddress = 	 {},
  OPTorganization = {},
  OPTpublisher = {},
  OPTnote = 	 {},
  OPTannote = 	 {}
}




@InProceedings{mcmillan:cav06,
  author = 	 {McMillan, K.},
  title = 	 {Lazy Abstraction with Interpolants},
  OPTcrossref =  {},
  OPTkey = 	 {},
  OPTbooktitle = {Computer-Aided Verification},
  year = 	 {2006},
  OPTeditor = 	 {},
  OPTvolume = 	 {},
  OPTnumber = 	 {},
  OPTseries = 	 {},
  pages = 	 {123-136},
  OPTmonth = 	 {},
  OPTaddress = 	 {},
  OPTorganization = {},
  OPTpublisher = {},
  OPTnote = 	 {},
  OPTannote = 	 {}
}

@InProceedings{mcmillan:impact,
  author = 	 {McMillan, K.},
  title = 	 {Lazy Abstraction for Program Testing and Verification},
  OPTcrossref =  {},
  OPTkey = 	 {},
  booktitle = {Computer-Aided Verification},
  year = 	 {2010},
  OPTeditor = 	 {},
  OPTvolume = 	 {},
  OPTnumber = 	 {},
  OPTseries = 	 {},
  pages = 	 {104-118},
  OPTmonth = 	 {},
  OPTaddress = 	 {},
  OPTorganization = {},
  OPTpublisher = {},
  OPTnote = 	 {},
  OPTannote = 	 {}
}

@phdthesis{zhang2005design,
  title={Design Verification for Sequential Systems at Various Abstraction Levels},
  author={Zhang, Liang},
  year={2005},
  school={Virginia Polytechnic and State Univesity}
}
% remove irrelevant bits based on UNSAT analysis from k-Bounded model checking
